<record><leader>00000cas a22000007a 4500</leader><controlfield tag="001">13052348</controlfield><controlfield tag="008">860123d18481852inuwr ne      0    0eng d</controlfield><datafield ind1=" " ind2=" " tag="010"><subfield code="a">sn 86058202 </subfield></datafield><datafield ind1=" " ind2=" " tag="040"><subfield code="a">NPI</subfield><subfield code="b">eng</subfield><subfield code="c">NPI</subfield><subfield code="d">OCLCQ</subfield></datafield><datafield ind1=" " ind2=" " tag="042"><subfield code="a">msc</subfield></datafield><datafield ind1="0" ind2=" " tag="130"><subfield code="a">Wayne County Whig (Centerville, Wayne County, Ind.)</subfield></datafield><datafield ind1="1" ind2="0" tag="245"><subfield code="a">Wayne County Whig.</subfield></datafield><datafield ind1=" " ind2=" " tag="260"><subfield code="a">Centreville, Ind. :</subfield><subfield code="b">D.B. Woods &amp; John B. Stitt</subfield></datafield><datafield ind1=" " ind2=" " tag="300"><subfield code="a">v. :</subfield><subfield code="b">ill. (chiefly advertisements) ;</subfield><subfield code="c">59 cm.</subfield></datafield><datafield ind1="1" ind2=" " tag="362"><subfield code="a">Began in summer 1848; ceased in 1852.</subfield><subfield code="z">Cf. Miller, John W. Indiana newspaper bibliog.</subfield></datafield><datafield ind1=" " ind2=" " tag="515"><subfield code="a">Continues the numbering of: Wayne County record.</subfield></datafield><datafield ind1=" " ind2=" " tag="588"><subfield code="a">Description based on: Vol. 8, no. 35 (July 26, 1848).</subfield></datafield><datafield ind1=" " ind2=" " tag="752"><subfield code="a">United States</subfield><subfield code="b">Indiana</subfield><subfield code="c">Wayne</subfield><subfield code="d">Centerville.</subfield></datafield><datafield ind1="0" ind2="0" tag="780"><subfield code="t">Wayne County record</subfield><subfield code="w">(DLC)sn 84023891</subfield></datafield><datafield ind1="1" ind2=" " tag="029"><subfield code="a">AU@</subfield><subfield code="b">000025800827</subfield></datafield></record>